<?xml version="1.0" encoding="UTF-8"?>
<collection xmlns:xsi="http://www.w3.org/2001/XMLSchema-instance" xsi:schemaLocation="http://www.loc.gov/MARC21/slim http://www.loc.gov/standards/marcxml/schema/MARC21slim.xsd" xmlns="http://www.loc.gov/MARC21/slim">
<record>
  <leader>01147cam a2200289Ma 4500</leader>
  <controlfield tag="001">695943</controlfield>
  <controlfield tag="003">NNC</controlfield>
  <controlfield tag="005">20030428204455.0</controlfield>
  <controlfield tag="008">891016m19851986ir       b   f000 0 ara d</controlfield>
  <datafield tag="035" ind1=" " ind2=" ">
    <subfield code="a">(OCoLC)ocm20657187</subfield>
  </datafield>
  <datafield tag="035" ind1=" " ind2=" ">
    <subfield code="a">(CStRLIN)NYCG88-B82316</subfield>
  </datafield>
  <datafield tag="035" ind1=" " ind2=" ">
    <subfield code="9">ADA6158CU</subfield>
  </datafield>
  <datafield tag="040" ind1=" " ind2=" ">
    <subfield code="a">NYP</subfield>
    <subfield code="c">NYP</subfield>
  </datafield>
  <datafield tag="090" ind1=" " ind2=" ">
    <subfield code="f">h</subfield>
  </datafield>
  <datafield tag="100" ind1="2" ind2=" ">
    <subfield code="a">Ibn al-Biṭrīq, Yaḥyá ibn al-Ḥasan,</subfield>
    <subfield code="d">1129-1203 or 4.</subfield>
  </datafield>
  <datafield tag="240" ind1="1" ind2="0">
    <subfield code="a">Khaṣāʾiṣ al-waḥy al-mubīn</subfield>
  </datafield>
  <datafield tag="245" ind1="1" ind2="0">
    <subfield code="a">Kitāb khaṣāʾiṣ al-waḥy al-mubīn /</subfield>
    <subfield code="c">taʾlīf Yaḥyá ibn al-Ḥasan al-Ḥillī al-maʻrūf bi-Ibn al-Biṭrīq ; ḥaqqaqahu wa-ʻallaqa ʻalayhi wa-kharraja aḥādīthahu Muḥammad Bāqir al-Maḥmūdī.</subfield>
  </datafield>
  <datafield tag="250" ind1=" " ind2=" ">
    <subfield code="a">al-Ṭabʻah 1.</subfield>
  </datafield>
  <datafield tag="260" ind1=" " ind2=" ">
    <subfield code="a">[Teheran] :</subfield>
    <subfield code="b">Wizārat al-Irshād al-Islāmī,</subfield>
    <subfield code="c">1406 [1985 or 1986]</subfield>
  </datafield>
  <datafield tag="300" ind1=" " ind2=" ">
    <subfield code="a">276 p. ;</subfield>
    <subfield code="c">25 cm.</subfield>
  </datafield>
  <datafield tag="500" ind1=" " ind2=" ">
    <subfield code="a">Title page vocalized.</subfield>
  </datafield>
  <datafield tag="504" ind1=" " ind2=" ">
    <subfield code="a">Includes bibliographical references.</subfield>
  </datafield>
  <datafield tag="500" ind1=" " ind2=" ">
    <subfield code="a">In Arabic</subfield>
  </datafield>
  <datafield tag="600" ind1="0" ind2="0">
    <subfield code="a">ʻAlī ibn Abī Ṭālib,</subfield>
    <subfield code="c">Caliph,</subfield>
    <subfield code="d">600 (ca.)-661.</subfield>
  </datafield>
  <datafield tag="650" ind1=" " ind2="0">
    <subfield code="a">Hadith (Shiites)</subfield>
  </datafield>
  <datafield tag="740" ind1="0" ind2="1">
    <subfield code="a">Khaṣāʾiṣ al-waḥy al-mubīn.</subfield>
  </datafield>
  <datafield tag="700" ind1="1" ind2="0">
    <subfield code="a">Maḥmūdī, Muḥammad Bāqir.</subfield>
  </datafield>
  <datafield tag="955" ind1=" " ind2=" ">
    <subfield code="b">CU59604093</subfield>
    <subfield code="d">off,glx</subfield>
    <subfield code="e">ME11101</subfield>
  </datafield>
</record>
</collection>